<record><leader>00000cas a22000007a 4500</leader><controlfield tag="001">25324571</controlfield><controlfield tag="008">920224d19281929njuwr ne      0    0eng d</controlfield><datafield ind1=" " ind2=" " tag="010"><subfield code="a">sn 92059907 </subfield></datafield><datafield ind1=" " ind2=" " tag="040"><subfield code="a">NJW</subfield><subfield code="b">eng</subfield><subfield code="c">NJW</subfield><subfield code="d">OCLCQ</subfield></datafield><datafield ind1="0" ind2=" " tag="130"><subfield code="a">Ventnor news (Ventnor City, N.J. : 1928)</subfield></datafield><datafield ind1="1" ind2="4" tag="245"><subfield code="a">The Ventnor news.</subfield></datafield><datafield ind1="3" ind2="0" tag="246"><subfield code="a">News</subfield></datafield><datafield ind1=" " ind2=" " tag="260"><subfield code="a">Ventnor City, N.J. :</subfield><subfield code="b">Kenneth W. Goldthwaite</subfield></datafield><datafield ind1=" " ind2=" " tag="300"><subfield code="a">v.</subfield></datafield><datafield ind1=" " ind2=" " tag="310"><subfield code="a">Weekly</subfield></datafield><datafield ind1="0" ind2=" " tag="362"><subfield code="a">Vol. 2, no. 4 (Feb. 10, 1928)-</subfield></datafield><datafield ind1="1" ind2=" " tag="362"><subfield code="a">Ceased Sept. 1929.</subfield></datafield><datafield ind1=" " ind2=" " tag="500"><subfield code="a">Published as: The News, Feb. 10-May 4, 1928.</subfield></datafield><datafield ind1=" " ind2=" " tag="500"><subfield code="a">"The Ventnor News" and "West Atlantic City News" appear within parentheses on masthead, Feb. 10-Mar. 30, 1928.</subfield></datafield><datafield ind1=" " ind2=" " tag="752"><subfield code="a">United States</subfield><subfield code="b">New Jersey</subfield><subfield code="c">Atlantic</subfield><subfield code="d">Ventnor City.</subfield></datafield><datafield ind1="0" ind2="7" tag="780"><subfield code="t">Atlantic City times</subfield></datafield><datafield ind1="0" ind2="7" tag="780"><subfield code="t">West Atlantic City news</subfield><subfield code="w">(DLC)sn 92059906</subfield><subfield code="w">(OCoLC)25324394</subfield></datafield><datafield ind1="0" ind2="7" tag="785"><subfield code="t">Pleasantville press (Pleasantville, N.J. : 1912)</subfield><subfield code="w">(DLC)sn 91064030</subfield><subfield code="w">(OCoLC)24293088</subfield></datafield><datafield ind1="0" ind2="7" tag="785"><subfield code="t">Pleasantville press and the Ventnor news</subfield><subfield code="w">(DLC)sn 91064031</subfield><subfield code="w">(OCoLC)2429332</subfield></datafield></record>